<?xml version="1.0" encoding="UTF-8"?><collection xmlns="http://www.loc.gov/MARC21/slim"><record><leader>00368nam--2200133-i-4500</leader><controlfield tag="001">000001914</controlfield><controlfield tag="002">20161230</controlfield><controlfield tag="005">20161230201024</controlfield><controlfield tag="008">060222s1000------------r-----000-0-eng-d</controlfield><datafield ind1=" " ind2=" " tag="100"><subfield code="a">Dorfner, Konrad</subfield></datafield><datafield ind1=" " ind2=" " tag="245"><subfield code="a">Ionenaustausch-chromatographie</subfield></datafield><datafield ind1=" " ind2=" " tag="260"><subfield code="a">Berlin, Akademie-verlag, 1963.X+236p., 149 Fig</subfield></datafield><datafield ind1=" " ind2=" " tag="490"><subfield code="a">Ionenaustauscher In Einzeldarstellungen</subfield></datafield><datafield ind1=" " ind2=" " tag="852"><subfield code="a">9038</subfield></datafield></record></collection>